@Article{art1,
  author =       "Author Name",
  title =        "Book Title",
  journal =      "Lecture Notes in Autonomous System",
  volume =       "1001",
  publisher =    "UFO",
  pages =        "900--921",
  year =         "2003",
  coden =        "LNCSD9",
  ISSN =         "0302-2345",
  bibdate =      "Sat Dec 7 10:05:42 MST 2003",
},

@Article{sheridan2016,
	title={Human--robot interaction: status and challenges},
	author={Sheridan, Thomas B},
	journal={Human factors},
	volume={58},
	number={4},
	pages={525--532},
	year={2016},
	publisher={SAGE Publications Sage CA: Los Angeles, CA}
},

@article{prabha2019,
	title={Autism and Social Robots--an Atypical Study},
	author={Prabha, M Rosalind and Juliana, M Josephine Mary},
	journal={Universal Review},
	volume={8},
	number={2},
	pages={19--27},
	year={2019}
}, 

@article{dautenhahn2004,
	title={Towards interactive robots in autism therapy: Background, motivation and challenges},
	author={Dautenhahn, Kerstin and Werry, Iain},
	journal={Pragmatics \& Cognition},
	volume={12},
	number={1},
	pages={1--35},
	year={2004},
	publisher={John Benjamins}
}
